@article{EwelinaStoj.,
	author = {{Ewelina St{\'o}j}},
	title = {Ile miejsca zajmuje dzisiejszy Internet? Ok. 10 bilion{\'o}w TB},
	url = {https://www.purepc.pl/ile-miejsca-zajmuje-dzisiejszy-internet-ok-10-bilionow-tb},
	urldate = {11.04.2022},
	journal = {PurePC},
	year = {2018}
}

@online{PWN,
	author = {{Encyklopedia PWN}},
	title = {ontologia},
	url = {https://encyklopedia.pwn.pl/haslo/ontologia;3951174.html},
	urldate = {11.04.2022}
}

@online{dj,
	title = {Django},
	url = {https://www.djangoproject.com/},
	urldate = {06.07.2022},
	journal = {django}
}

@INPROCEEDINGS{6508326, 
	author={Priya, P., Rajalaxmi, R.}, 
	booktitle={2013 International Conference on Information Communication and Embedded Systems (ICICES)}, 
	title={Ontology based semantic query suggestion for movie search}, 
	year={2013}, 
	volume={}, 
	number={}, 
	doi={10.1109/ICICES.2013.6508326}} 

@book{wikipediaont,
	author = {{Adam Czarnecki}},
	title = {Technologie informatyczne wykorzystywane w projektowaniu i implementacji ontologii},
	year = {2006},
	publisher = {Pomorskie Wydawnictwo Naukowo-Techniczne PWNT}
}

@article{OntoClean,
	author = {{Guarino, Nicola and Chris Welty}},
	title = {Evaluating Ontological Decisions with OntoClean},
	year = {2002}
}

@article{github,
	author = {{Kacper Wojcik}},
	title = {ODE},
	url = {https://github.com/KWojcik243/ODE},
	year = {2022},
	urldate = {29.06.2022},
}

@book{Strozewski.2004,
	author = {Str{\'o}{\.z}ewski, W{\l}adys{\l}aw},
	year = {2004},
	title = {Ontologia},
	address = {Krak{\'o}w},
	publisher = {Aureus},
	isbn = {8387887447},
	series = {Kompendia filozoficzne}
}

@article{wikipediaupper,
	author = {{V Mascardi, V Cordi, P Rosso }},
	title = {A Comparsion of Upper Ontologies},
	year = {2007},
	url =
	{https://web.archive.org/web/20171113222220/https://pdfs.semanticscholar.org/4f28/6fdf9280449588b9d3781c9c897da28e0cff.pdf}
}

@article{owlready2,
	author = {{Lamy JB}},
	title = {Owlready: Ontology-oriented programming in Python with automatic classification and high level constructs for biomedical ontologies},
	url = {http://www.lesfleursdunormal.fr/static/_downloads/article_owlready_aim_2017.pdf},
	urldate = {28.06.2022},
}

@book{python,
	author = {Van Rossum, Guido and Drake, Fred L.},
	title = {Python 3 Reference Manual},
	year = {2009},
	isbn = {1441412697},
	publisher = {CreateSpace},
	address = {Scotts Valley, CA}
}

@@online{KIF,
	author = {Michael Gruninger},
	url = {https://images.slideplayer.com/24/6956543/slides/slide_1.jpg},
	urldate = {11.04.2022}
}

@online{pizza,
	url = {https://protege.stanford.edu/ontologies/pizza/pizza.owl},
	urldate = {28.06.2022}
}

@article{owldok,
	title = {OWL 2 Web Ontology Language
	Document Overview (Second Edition)},
	url = {https://www.w3.org/TR/owl2-overview/#Introduction},
	urldate = {11.04.2022},
	year = {2012}
}

@online{kon,
	author = {Anna Węgrzyn},
	title = {Konceptualizacja},
	url = {https://mfiles.pl/pl/index.php/Konceptualizacja},
	urldate = {23.06.2022}
}

@article{agile,
	author = {Anna Baron-Jaworska},
	title = {Co to jest Agile i Scrum i dlaczego warto z nich korzystać przy projektowaniu systemów IT?},
	url = {https://kotrak.com/pl/blog/co-to-jest-agile-i-scrum-i-dlaczego-warto-z-nich-korzystac/},
	year = {2021},
	urldate = {23.06.2022}
} 

@article{uri,
	author = {Berners-Lee, Tim},
	title = {Uniform Resource Identifiers (URI): Generic Syntax},
	urldate = {23.06.2022},
	year = {1998}
}

@article{turt,
	author = {Eric Prud'hommeaux, Gavin Carothers},
	title = {Turtle - Terse RDF Triple Language},
	url = {https://www.w3.org/TR/2012/WD-turtle-20120710/},
	year = {2012},
	urldate = {23.06.2022}
}

@article{wow,
	author = {{W3}},
	title = {OWL/Web Ontology Language (OWL)},
	url = {https://www.w3.org/OWL/},
	year = {2012},
	urldate = {11.04.2022},
	journal = {W3}
}
@ARTICLE {wikipedloom,
	author = {H. Glaser and m. schraefel and N. Gibbins and N. Shadbolt and S. Harris},
	journal = {IEEE Intelligent Systems},
	title = {CS AKTive Space, or How We Learned to Stop Worrying and Love the Semantic Web},
	year = {2004},
	volume = {6},
	number = {03},
	issn = {1941-1294},
	pages = {41-47},
	keywords = {semantic web;user interfaces;cs aktive space},
	doi = {10.1109/MIS.2004.8},
	publisher = {IEEE Computer Society},
	address = {Los Alamitos, CA, USA},
	month = {may}
}
@book{C.MariaKeet.2020,
	author = {{C. Maria Keet}},
	year = {2020},
	title = {An Introduction to Ontology Engineering},
	edition = {v1.5}
}
@book{NeON,
	author = {{Mari Carmen Suarez-Figueroa, Guadalupe Aguado de Cea, Carlos Buil, Klaas
	Dellschaft, Mariano Fernandez-Lopez, Andres Garcia, Asuncion G´omez-P´erez,
	German Herrero, Elena Montiel-Ponsoda, Marta Sabou, Boris Villazon-Terrazas,
	and Zheng Yufei}},
	year = {2008},
	title = {NeOn methodology for building contextualized ontology networks},
	edition = {v1.0}
}
@book{fil_1,
	author = {{Nicola Guarino, Chris Welty}},
	year = {2000},
	title = {A formal ontology of properties}
}
@book{fil_2,
	author = {{Nicola Guarino, Chris Welty}},
	year = {2000},
	title = {Identity, unity, and individuality: towards a
	formal toolkit for ontological analysis}
}

@book{oops,
	author = {{Mar´ıa Poveda-Villal´on, Mari Carmen Su´arez-Figueroa, Asunci´on G´omez-Perez}},
	year = {2012},
	title = {Validating ontologies with OOPS!}
}


@article{CQ,
	author = {{Robert Stevens, Sean Bechhofer}},
	title = {Competency Questions},
	url = {https://studentnet.cs.manchester.ac.uk/pgt/2013/COMP60421/slides/Week2-CQ.pdf},
	year = {2013},
	urldate = {12.06.2022}
}

@article{lifecycle,
	author = {Vizedom, Amanda and Neuhaus, Fabian and Baclawski, Kenneth and Bennett, Mike and Dean, Mike and Denny, Michael and Grüninger, Michael and Hashemi, Ali and Longstreth, Terry and Obrst, Leo and Ray, Steve and Sriram, Ram and Schneider, Todd and Vegetti, Marcela and West, Matthew and Yim, Peter},
	year = {2013},
	month = {10},
	pages = {179-194},
	title = {Toward Ontology Evaluation across the lifecycle},
	volume = {8},
	journal = {Applied ontology},
	doi = {10.3233/AO-130125}
}

@online{wikipediaRDF,
	author = {{W3}},
	title = {Resource Description Framework},
	url = {https://www.w3.org/TR/PR-rdf-syntax/Overview.html},
	urldate = {11.04.2022}
}
@book{lang,
	author = {{C. Maria Keet}},
	year = {2012},
	title = {Transforming semi-structured life science diagrams into meaningful
	domain ontologies with DiDOn}
}
@book{repr_inf,
	author = {{Douglas B. Lenat, R. V. Guha}},
	year = {1989},
	title = {Building large knowledge-based systems; representation and inference in the Cyc project}
}

@article{wikipediaIDEF5,
	author = {{Perakath C. Benjamin et al.}},
	title = {IDEF5 Method Report},
	year = {1994}
}

@article{protegecli,
	author = {{Protege}},
	title = {Protege - Community},
	url = {https://protege.stanford.edu/community.php},
	urldate = {06.05.2022},
	journal = {Protege},
	year = {2016}
}
@article{protegeabout,
	author = {{Protege}},
	title = {Protege - About},
	url = {https://protege.stanford.edu/about.php},
	urldate = {06.05.2022},
	journal = {Protege},
	year = {2016}
}

@book{Strategie,
	author = {Pawe{\l}, Waniowski},
	year = {2003},
	title = {Strategie cenowe},
	address = {Warszawa},
	publisher = {Polskie Wydawnictwo Ekonomiczne},
	isbn = { 83-208-1447-2 (35+10)}
}

@article{furps,
	author = {Tomasz Tomaszewski},
	title = {Metoda FURPS, czyli 29 rzeczy do przemyślenia w każdym projekcie IT},
	url = {https://www.analizait.pl/2014/metoda-furps-czyli-29-rzeczy-do-przemyslenia-w-kazdym-projekcie-it/},
	urldate = {13.06.2022},
	year = {2014},
}
